Plačiau apie šaltinių tipus ir jų atributus:
http://mirror.datacenter.by/pub/mirrors/CTAN/macros/latex/contrib/biblatex/doc/biblatex.pdf#subsection.2.1

@article{frasca1999ludology,
  title={Ludology meets narratology: Similitude and differences between (video) games and narrative},
  author={Frasca, Gonzalo},
  journal={Ludology. org},
  year={1999}
}
@article{aguilar2018game,
  title={Game-inspired design: Empirical evidence in support of gameful learning environments},
  author={Aguilar, Stephen J and Holman, Caitlin and Fishman, Barry J},
  journal={Games and Culture},
  volume={13},
  number={1},
  pages={44--70},
  year={2018},
  publisher={SAGE Publications Sage CA: Los Angeles, CA}
}
@misc{pavluswe,
  title={Why We Love the Games That Enrage Us Most. Retrieved April 26, 2016},
  author={Pavlus, J}
}
@article{wertsch1992ls,
  title={LS Vygotsky and contemporary developmental psychology.},
  author={Wertsch, James V and Tulviste, Peeter},
  journal={Developmental psychology},
  volume={28},
  number={4},
  pages={548},
  year={1992},
  publisher={American Psychological Association}
}
@book{vygotsky1980mind,
  title={Mind in society: The development of higher psychological processes},
  author={Vygotsky, Lev Semenovich},
  year={1980},
  publisher={Harvard university press}
}
 @misc{kenney_2020, title={10 Principles of Effective Games to Make School a Better Learning Environment}, url={https://www.chemedx.org/blog/10-principles-effective-games-make-school-better-learning-environment}, journal={Chemical Education Xchange}, author={Kenney, Josh}, year={2020}, month={Mar}} 
 
 @article{chan1999targeting,
  title={Targeting motivation—adapting flow theory to instructional design},
  author={Chan, Tom S and Ahern, Terence C},
  journal={Journal of Educational computing research},
  volume={21},
  number={2},
  pages={151--163},
  year={1999},
  publisher={SAGE Publications Sage CA: Los Angeles, CA}
}
@article{paras2005game,
  title={Game, motivation, and effective learning: An integrated model for educational game design},
  author={Paras, Brad},
  year={2005}
}
@article{houser1998learning,
  title={Learning from games: Seven principles of effective design},
  author={Houser, Rob and DeLoach, Scott},
  journal={Technical communication},
  volume={45},
  number={3},
  pages={319},
  year={1998},
  publisher={Society for Technical Communication}
}
 @misc{introductionToBlockly, title={Introduction to Blockly}, url={https://developers.google.com/blockly/guides/overview}, journal={Introduction to Blockly}, author={Google}} 
 
%  @misc{nbcBayArea_2012, title={Google's Blockly Teaches You to Create Apps}, url={https://www.nbcbayarea.com/news/national-international/googles-blockly-teaches-you-to-create-apps/1918242/}, journal={NBC Bay Area}, publisher={NBC Bay Area}, author={NBC Bay Area}, year={2012}, month={Jun}} 

@online{NBCBayArea,
  author = {NBC Bay Area},
  title = {Google's Blockly Teaches You to Create Apps},
  year = 2012,
  url = {https://www.nbcbayarea.com/news/national-international/googles-blockly-teaches-you-to-create-apps/1918242/},
  urldate = {2012-06-13}
}
@inproceedings{jost2014graphical,
  title={Graphical programming environments for educational robots: Open roberta-yet another one?},
  author={Jost, Beate and Ketterl, Markus and Budde, Reinhard and Leimbach, Thorsten},
  booktitle={2014 IEEE International Symposium on Multimedia},
  pages={381--386},
  year={2014},
  organization={IEEE}
}
@inproceedings{pasternak2017tips,
  title={Tips for creating a block language with blockly},
  author={Pasternak, Erik and Fenichel, Rachel and Marshall, Andrew N},
  booktitle={2017 IEEE Blocks and Beyond Workshop (B\&B)},
  pages={21--24},
  year={2017},
  organization={IEEE}
}
@misc{codeLab, title={Code Lab}, url={https://santatracker.google.com/codelab.html}, journal={Google}, publisher={Google}, author={Google}} 

@misc{scratch, title={scratch}, url={https://scratch.mit.edu}, journal={Scratch}, author={Scratch}}

@book{ritterfeld2009serious,
  title={Serious games: Mechanisms and effects},
  author={Ritterfeld, Ute and Cody, Michael and Vorderer, Peter},
  year={2009},
  publisher={Routledge}
}

@inproceedings{frankovic2018serious,
  title={Serious games for learning programming concepts},
  author={Frankovic, Ivona and Hoic-Bozic, Natasa and Prskalo, Lucia Nacinovic},
  booktitle={Conference Proceedings. The Future of Education},
  pages={354},
  year={2018},
  organization={libreriauniversitaria. it Edizioni}
}
@misc{tomassetti2017complete,
  title={The complete guide to (external) Domain Specific Languages},
  author={Tomassetti, Federico},
  year={2017},
  publisher={Strumenta}
}

@inproceedings{eysholdt2010xtext,
  title={Xtext: implement your language faster than the quick and dirty way},
  author={Eysholdt, Moritz and Behrens, Heiko},
  booktitle={Proceedings of the ACM international conference companion on Object oriented programming systems languages and applications companion},
  pages={307--309},
  year={2010}
}
@book{abt1987serious,
  title={Serious games},
  author={Abt, Clark C},
  year={1987},
  publisher={University press of America}
}
@book{chang2009learning,
  title={Learning by Playing. Game-based Education System Design and Development: 4th International Conference on E-learning, Edutainment 2009, Banff, Canada, August 9-11, 2009, Proceedings},
  author={Chang, Maiga and Kuo, Rita and Chen, Gwo-Dong and Hirose, Michitaka and others},
  volume={5670},
  year={2009},
  publisher={Springer}
}
@article{breuer2010so,
  title={Why so serious? On the relation of serious games and learning},
  author={Breuer, Johannes and Bente, Gary},
  journal={Journal for Computer Game Culture},
  volume={4},
  pages={7--24},
  year={2010}
}
@misc{blockly-developer-tools, title={Blockly Developer Tools}, url={https://developers.google.com/blockly/guides/create-custom-blocks/blockly-developer-tools}, author={Google}} 

@misc{define-blocks, title={Define Blocks}, url={https://developers.google.com/blockly/guides/create-custom-blocks/define-blocks}, author={Google}} 

@misc{generating-code, title={Generating Code}, url={https://developers.google.com/blockly/guides/create-custom-blocks/generating-code}, author={Google}} 

@article{klimevs2016domain,
  title={Domain-Specific Language for Learning Programming},
  author={Klime{\v{s}}, Jon{\'a}{\v{s}}},
  year={2016},
  publisher={Univerzita Karlova, Matematicko-fyzik{\'a}ln{\'\i} fakulta}
}
@article{maloney2010scratch,
  title={The scratch programming language and environment},
  author={Maloney, John and Resnick, Mitchel and Rusk, Natalie and Silverman, Brian and Eastmond, Evelyn},
  journal={ACM Transactions on Computing Education (TOCE)},
  volume={10},
  number={4},
  pages={1--15},
  year={2010},
  publisher={ACM New York, NY, USA}
}
 @misc{victoria_2019, title={The best kids coding languages}, url={https://teachyourkidscode.com/kids-coding-languages/}, publisher={teachyourkidscode.com}, author={Victoria, Katie}, year={2019}, month={Mar}} 


@inbook{inbook,
author = {Vandercruysse, Sylke and Vandewaetere, Mieke and Clarebout, Geraldine},
year = {2012},
month = {02},
pages = {628-647},
title = {Game-Based Learning: A Review on the Effectiveness of Educational Games},
volume = {1},
isbn = {ISBN10: 1466601493},
journal = {Handbook of Research on Serious Games as Educational, Business and Research Tools},
doi = {10.4018/978-1-4666-0149-9.ch032}
}

@book{DslEngineering2013,
	author          = {Markus Völter and Sebastian Benz and Christian Dietrich and Birgit Engelmann and Mats Helander and Lennart C. L. Kats and Eelco Visser and Guido Wachsmuth},
	title           = {{DSL} Engineering - Designing, Implementing and Using Domain-Specific Languages},
	publisher       = {dslbook.org},
	year            = {2013},
	isbn            = {978-1-4812-1858-0},
	url             = {http://www.dslbook.org},
	topic           = {model-driven software development,domain-specific languages,Programming languages},
	group           = {SE}
}

@article{Krkkaya2010ABG,
  title={A BOARD GAME ABOUT SPACE AND SOLAR SYSTEM FOR PRIMARY SCHOOL STUDENTS},
  author={Esma Buluş Kırıkkaya and Sebnem Iseri and Gurbet Vurkaya},
  journal={Turkish Online Journal of Educational Technology},
  year={2010},
  volume={9},
  pages={1-13}
}

@inproceedings{10.1145/2500828.2500846,
author = {Pech, Vaclav and Shatalin, Alex and Voelter, Markus},
title = {JetBrains MPS as a Tool for Extending Java},
year = {2013},
isbn = {9781450321112},
publisher = {Association for Computing Machinery},
address = {New York, NY, USA},
url = {https://doi.org/10.1145/2500828.2500846},
doi = {10.1145/2500828.2500846},
booktitle = {Proceedings of the 2013 International Conference on Principles and Practices of Programming on the Java Platform: Virtual Machines, Languages, and Tools},
pages = {165–168},
numpages = {4},
keywords = {development environments, language extension, DSLs, formal methods},
location = {Stuttgart, Germany},
series = {PPPJ ’13}
}

@article{dmitriev2004language,
  title={Language oriented programming: The next programming paradigm},
  author={Dmitriev, Sergey},
  journal={JetBrains onBoard},
  volume={1},
  number={2},
  pages={1--13},
  year={2004}
}

@online{JetBrainsMPS,
  author = {JetBrains},
  title = {Domain-Specific Languages},
  year = 2019,
  url = {https://www.jetbrains.com/mps/concepts/domain-specific-languages},
  urldate = {2019-01-01}
}

@book{štuikys2012meta,
  title={Meta-Programming and Model-Driven Meta-Program Development: Principles, Processes and Techniques},
  author={{\v{S}}tuikys, V. and Dama{\v{s}}evi{\v{c}}ius, R.},
  isbn={9781447141266},
  series={Advanced Information and Knowledge Processing},
  url={https://books.google.lt/books?id=B85FcaE9YdgC},
  year={2012},
  publisher={Springer London}
}

@Book{rug01:001364766,
author={Bergeron, Bryan P.},
title={Developing serious games},
year={2006},
publisher={Hingham},
isbn={1584504447},
url={http://lib.ugent.be/catalog/rug01:001364766},
language={eng}
}

@book{arnseth2018games,
  title={Games and Education: Designs in and for Learning},
  author={Arnseth, Hans Christian and Hangh{\o}j, Thorkild and Henriksen, Thomas Duus and Misfeldt, Morten and Ramberg, Robert and Selander, Staffan},
  year={2018},
  publisher={BRILL}
}

@article{connolly2012systematic,
  title={A systematic literature review of empirical evidence on computer games and serious games},
  author={Connolly, Thomas M and Boyle, Elizabeth A and MacArthur, Ewan and Hainey, Thomas and Boyle, James M},
  journal={Computers \& education},
  volume={59},
  number={2},
  pages={661--686},
  year={2012},
  publisher={Elsevier}
}

@article{buckless2014using,
  title={Using virtual worlds to simulate real-world audit procedures},
  author={Buckless, Frank A and Krawczyk, Kathy and Showalter, D Scott},
  journal={Issues in Accounting Education},
  volume={29},
  number={3},
  pages={389--417},
  year={2014},
  publisher={American Accounting Association}
}

@book{czarnecki2000generative,
  title={Generative Programming: Methods, Tools, and Applications},
  author={Czarnecki, K. and Eisenecker, U.},
  isbn={9780210309773},
  lccn={00028389},
  url={https://books.google.lt/books?id=4erCMgEACAAJ},
  year={2000},
  publisher={Addison Wesley}
}
